@book{bib:aosa1,
  key       = "AOSA1",
  editor    = "Amy Brown and Greg Wilson",
  title     = "{The Architecture of Open Source Applications}",
  year      = 2011,
  publisher = "Lulu",
}
